@comment{x-kbibtex-personnameformatting=<%f ><%l><, %s>}

@book{progit,
	added-at = "2011-08-16T15:46:36.000+0200",
	author = "{Scott Chacon}",
	interhash = "ec1617e7e18c150205bf027b566ef357",
	intrahash = "40f70d7bc474085d987786484a09d2bf",
	keywords = "git source\_code\_control version\_control",
	language = "russian",
	timestamp = "2011-08-16T15:46:36.000+0200",
	title = "{Pro Git : professional version control [Электронный ресурс]}",
	url = "http://progit.org/ebook/progit.pdf",
	year = "2011"
}

@book{valikov,
	author = "{Алексей Николаевич Валиков}",
	isbn = "5941571291",
	language = "russian",
	publisher = "{БХВ-Петербург}",
	timestamp = "2014.05.29",
	title = "{Технология XSLT}",
	volume = "544",
	year = "2002"
}

@book{latexrus,
	author = "{И. А. Чеботаев, П. З. Котельников}",
	language = "russian",
	publisher = "Сибирский Хронограф",
	timestamp = "2013.12.20",
	title = "{\LaTeXe\ по-русски}",
	volume = "489",
	year = "2004"
}

@book{lvovskyi,
	author = "{С.М. Львовский}",
	isbn = "5-94057-091-7",
	language = "russian",
	owner = "alina",
	pages = "448",
	publisher = "МЦНМО",
	timestamp = "2013.12.20",
	title = "{Набор и вёрстка в системе \LaTeX}",
	year = "2006"
}

@article{python_wiki,
	language = "russian",
	title = "{Python. [Электронный ресурс]}",
	url = "https://ru.wikipedia.org/wiki/Python",
	year = "2015",
	journal = "{ru.wikipedia.org:[сайт]}"
}

@book{mongo,
	language = "english",
	timestamp = "2014.05.29",
	title = "{The MongoDB 3.2 Manual. [Электронный ресурс]}",
	url = "https://docs.mongodb.org/manual/",
	year = "2015"
}